@Book{dietz2020enterprise,
 author = {Dietz, Jan},
 title = {Enterprise ontology a human-centric approach to understanding the essence of organisation},
 publisher = {Springer},
 year = {2020},
 address = {Cham},
 isbn = {978-3-030-38854-6}
 }

@Book{dietz2015teoo,
 author = {Dietz, Jan},
 title = {The essence of organisation : an introduction to enterprise engineering},
 publisher = {Sapio Enterprise Engineering},
 year = {2015},
 address = {Netherlands},
 isbn = {978-90-815449-4-8}
 }
 
@misc{kutisvlk2019,
  author = {Kutiš, Martin and Vlk, Vladimír},
  title = {MI-MEP Semestral Work - Resort Contract},
  howpublished = {\url{https://github.com/CCMiResearch/DEMOCaseStudies/blob/master/MEP/2019/2019_Czech_\%20Resort_Contract_Kutis_Vlk.pdf}},
  note = {Accessed: 2020-05-20}
}
 